@misc{AWS_contentModeration,
    title = {Protect your users, brand, and budget with AI-powered content
             moderation},
    author = {AWS},
    howpublished = {\url{
                    https://d1.awsstatic.com/psc-digital/2022/gc-400/ml-leading-use-case-ebook/204863_AWS_ML_Content_Moderation_eBook_Final.pdf
                    }},
    note = {Accessed: 2025-02-21},
}


@misc{StanfordPrimer,
    title = {Automated Content Moderation: A Primer},
    author = {Nafia Chowdhury},
    howpublished = {\url{
                    https://cyber.fsi.stanford.edu/news/automated-content-moderation-primer
                    }},
    note = {Accessed: 2025-02-21},
}



@misc{ForbesXFindings,
    title = {Xâ€™s Latest Content Findings Reveal Troubling Trends In AI
             Moderation},
    author = {Anisha Sircar},
    howpublished = {\url{
                    https://www.forbes.com/sites/anishasircar/2024/10/18/xs-latest-content-findings-reveal-troubling-trends-in-ai-moderation/
                    }},
    note = {Accessed: 2025-02-21},
}


@misc{ClarenceChio,
    title = {Machine Learning and Security},
    author = {Clarence Chio, David Freeman},
    publisher = {OReilly Media, Inc.},
    isbn = {9781491979907},
    note = {Accessed: 2025-02-21},
}
